@article{qiuwei,
  title={国外自动驾驶汽车发展现状及趋势分析},
  author={李秋玮,申彤},
  journal={新材料产业},
  number={4},
  pages={3},
  year={2020},
}

@newspaper{fuyong,
  author    = {傅勇},
  title     = {智能汽车操作系统挤进中国巨头},
  journal   = {经济参考报},
  year      = {2021},
  date      = {2021-07-30},
  number    = {005},
}

@phdthesis{xiaoxi,
  author    = {李小喜},
  title     = {无人驾驶汽车通信系统中的路由控制策略研究},
  year      = {2019},
  address   = {安徽},
  school    = {中国科学技术大学},
}
@phdthesis{wangpeng,
  title={网络视频监控系统中间件的研究与实现},
  author={向秋蓉},
  school={电子科技大学},
  year={2020},
}
@phdthesis{wangbinbin,
  title={基于Protobuf的RPC系统的设计与实现},
  author={王斌斌},
  school={电子科技大学},
  year={2016},
}
@newspaper{yty,
  author    = {杨天悦},
  title     = {自动驾驶商用化进程提速},
  journal   = {北京日报},
  year      = {2022},
  date      = {2022-01-07},
  number    = {019},
}
@article{xmh,
  author    = {徐名赫，朱雷},
  title     = {自动驾驶出租车商业化现状及挑战},
  journal   = {智能网联车},
  year      = {2020},
  number    = {04},
  pages     = {40--47},
}
@newspaper{zzq,
  author    = {张真齐},
  title     = {让消费者尝鲜自动驾驶服务 享道勾勒智慧出行蓝图},
  journal   = {中国青年报},
  year      = {2022},
  date      = {2022-01-27},
  number    = {T03},
}
@article{Maruyama2016ExploringTP,
  title={Exploring the performance of ROS2},
  author={Yuya Maruyama and Shinpei Kato and Takuya Azumi},
  journal={2016 International Conference on Embedded Software (EMSOFT)},
  year={2016},
  pages={1-10}
}
@INPROCEEDINGS{8607261,  
author={Morita, Ren and Matsubara, Katsuya},  
booktitle={2018 IEEE 24th International Conference on Embedded and Real-Time Computing Systems and Applications (RTCSA)},   
title={Dynamic Binding a Proper DDS Implementation for Optimizing Inter-Node Communication in ROS2},   
year={2018},  
volume={},  
number={},  
pages={246-247},  
doi={10.1109/RTCSA.2018.00043}
}
@INPROCEEDINGS{9545285, 
  author={Nishimura, Keisuke and Ishikawa, Takahiro and Sasaki, Hiroshi and Kato, Shinpei},  
  booktitle={2021 IEEE 27th International Conference on Embedded and Real-Time Computing Systems and Applications (RTCSA)},   
  title={RAPLET: Demystifying Publish/Subscribe Latency for ROS Applications},   
  year={2021},  
  volume={},  
  number={}, 
  pages={41-50},  
  doi ={10.1109/RTCSA52859.2021.00013},
  }
@INPROCEEDINGS{9591166,
  author={Kronauer, Tobias and Pohlmann, Joshwa and Matthé, Maximilian and Smejkal, Till and Fettweis, Gerhard},
  booktitle={2021 IEEE International Conference on Multisensor Fusion and Integration for Intelligent Systems (MFI)}, 
  title={Latency Analysis of ROS2 Multi-Node Systems}, 
  year={2021},
  volume={},
  number={},
  pages={1-7},
  doi={10.1109/MFI52462.2021.9591166}
}
@article{xml,
  title={自动驾驶操作系统现状与发展趋势},
  author={奚美丽 and 张远骏},
  journal={汽车与配件},
  number={12},
  pages={8},
  year={2021},
}
@misc{cyberrt,
  author = {Baidu},
  title = {Cyber{RT} {I}ntroduction},
  howpublished={\url{http://apollo.auto/cyber.html}},
  year = {2019}
}
@misc{DDSservicediscovery,
  author = {eprosima},
  title = {Fast {DDS} {D}iscovery mechanisms},
  howpublished={\url{https://fast-dds.docs.eprosima.com/en/v2.1.0/fastdds/discovery/discovery.html}},
  year = {2021}
}
@misc{iceoryx,
  author = {Bosch and Eclipse},
  title = {{I}ceoryx},
  howpublished={\url{https://github.com/eclipse-iceoryx/iceoryx}},
  year = {2019}
}
@misc{ecal,
  author = {Continental},
  title = {eCAL},
  howpublished={\url{https://continental.github.io/ecal}},
  year = {2021}
}
@INPROCEEDINGS{9235068,
author={Liu, Wei and Wu, Hao and Jiang, Ziyue and Gong, Yifan and Jin, Jiangming},  
  booktitle={2020 IEEE 32nd International Symposium on Computer Architecture and High Performance Computing (SBAC-PAD)},   
  title={A Robotic Communication Middleware Combining High Performance and High Reliability},   
  year={2020},  
  volume={},  
  number={},  
  pages={217-224},  
  doi={10.1109/SBAC-PAD49847.2020.00038}
}

@article{LIU2022126,
author={Wei Liu and Jiangming Jin and Hao Wu and Yifan Gong and Ziyue Jiang and Jidong Zhai},  
  journal={Journal of Parallel and Distributed Computing},   
  title={Zoro: A robotic middleware combining high performance and high reliability},   
  year={2022},  
  volume={166},  
  number={},  
  pages={126-138},  
  doi={https://doi.org/10.1016/j.jpdc.2022.04.010}
}

@INPROCEEDINGS{9355690,  
author={Gong, Yifan and Wang, Lu and Liu, Wei and Jin, Jiangming},  
booktitle={2020 IEEE/ACM Symposium on Edge Computing (SEC)},   
title={Poster: A Light Weight Service Discovery Mechanism in Robot Systems},   
year={2020},  
volume={},  
number={},  
pages={178-180},  
doi={10.1109/SEC50012.2020.00028}
}
@article{pfp,
  title={基于ZeroMQ的分布式系统},
  author={蒲凤平 and 陈建政},
  journal={电子测试},
  number={7},
  pages={7},
  year={2012},
}
@article{swp,
  title={基于ZeroMQ的多线程编程程序设计},
  author={沙卫平 and 芮挺 and 高琦煜 and 张赛 and 邹军华},
  journal={江苏科技信息},
  number={27},
  pages={3},
  year={2017},
}
@article{yyq,
  title={基于ZeroMQ的分布式通信开发平台的设计与实现},
  author={杨曜旗 and 张磊},
  number={8},
  year={2022},
}
@article{wp,
  title={网络视频监控系统消息中间件的研究与实现},
  author={王鹏 and 邓芳},
  year={2015},
}
@misc{mqcompare,
  author = {MIKE HADLOW},
  title = {Message Queue Shootout},
  howpublished={\url{http://mikehadlow.blogspot.com/2011/04/message-queue-shootout.html}},
  year = {2021}
}
@misc{proto,
  author = {音视频流媒体技术},
  title = {XML，JSON，PROTOBUF序列化协议},
  howpublished={\https://zhuanlan.zhihu.com/p/91313277}},
  year = {2021}
}
@phdthesis{zj,
  title={基于Protocol Buffers的远程抄水表数据传输系统},
  author={张杰},
  school={华中科技大学},
  year={2017},
}
@article{sxy,
  title={基于Google Protocol Buffer的即时通讯系统设计},
  author={隋心怡 and 王瑞刚 and 梁小江},
  journal={电子科技},
  volume={30},
  number={1},
  pages={4},
  year={2017},
}
@article{scj,
  title={远程过程调用技术的分布式应用},
  author={宋传杰 and 霍杰},
  journal={小型微型计算机系统},
  volume={18},
  number={10},
  pages={6},
  year={1997},
}
@INPROCEEDINGS{Kim,
  author          = {Kangho Kim},
  booktitle       = {International Conference on Virtual Execution Environments},
  editor          = {},
  title           = {Inter-domain Socket Communications Supporting High Performance and Full Binary Compatibility on Xen},
  year            = {2008}
}
@INPROCEEDINGS{7360036,  
author={Estrada, Nicolas and Astudillo, Hernán},  
booktitle={2015 Latin American Computing Conference (CLEI)},   
title={Comparing scalability of message queue system: ZeroMQ vs RabbitMQ},   
year={2015},  
volume={},  
number={},  
pages={1-6},  
doi={10.1109/CLEI.2015.7360036}
}
@INPROCEEDINGS{6215346,  
author={Maeda, Kazuaki},  
booktitle={2012 Second International Conference on Digital Information and Communication Technology and it's Applications (DICTAP)},   
title={Performance evaluation of object serialization libraries in XML, JSON and binary formats},   
year={2012},  
volume={},  
number={},  
pages={177-182},  
doi={10.1109/DICTAP.2012.6215346}
}
@article{Andrew,
  title={Implementing remote procedure calls},
  author={Andrew and D. and Birrell and Bruce and Jay and Nelson},
  journal={Acm Transactions on Computer Systems},
  year={1984},
}
@inproceedings{2011TOWARD,
  title={TOWARD THE MARRIAGE OF XML AND MOBILE AGENTS: UTILIZING XML-RPC AS A MIGRATION MEDIA},
  booktitle={IASTED international conference on parallel and distributed computing and systems;PDCS 2009},
  year={2011},
}
@inproceedings{2013Web,
  title={Web Service to JSON-RPC Transformation},
  author={ Samsel, C.  and S Gökay and  Heiniz, P.  and  Krempels, K. H. },
  booktitle={8th International Conference on Software Engineering and Applications},
  year={2013},
}
@INPROCEEDINGS{7743223,  
author={Maruyama, Yuya and Kato, Shinpei and Azumi, Takuya},  
booktitle={2016 International Conference on Embedded Software (EMSOFT)},   
title={Exploring the performance of ROS2},   
year={2016},  
volume={},  
number={},  
pages={1-10},  
doi={10.1145/2968478.2968502}
}
@INPROCEEDINGS{8968462,  
author={Wang, Yu-Ping and Tan, Wende and Hu, Xu-Qiang and Manocha, Dinesh and Hu, Shi-Min},  
booktitle={2019 IEEE/RSJ International Conference on Intelligent Robots and Systems (IROS)},   
title={TZC: Efficient Inter-Process Communication for Robotics Middleware with Partial Serialization},   
year={2019},  
volume={},  
number={},  
pages={7805-7812},  
doi={10.1109/IROS40897.2019.8968462}
}
@inproceedings{2012Robust,
  title={Robust and efficient communication for real-time multi-process robot software},
  author={ Dantam, N.  and  Stilman, M. },
  booktitle={IEEE-RAS International Conference on Humanoid Robots},
  year={2012},
}
@INPROCEEDINGS{2010LCM,
  author={Huang, Albert S. and Olson, Edwin and Moore, David C.},
  booktitle={2010 IEEE/RSJ International Conference on Intelligent Robots and Systems}, 
  title={LCM: Lightweight Communications and Marshalling}, 
  year={2010},
  volume={},
  number={},
  pages={4057-4062},
  doi={10.1109/IROS.2010.5649358}
  }


@INPROCEEDINGS{6651538,  
author={Dantam, Neil and Stilman, Mike},  
booktitle={2012 12th IEEE-RAS International Conference on Humanoid Robots (Humanoids 2012)},   
title={Robust and efficient communication for real-time multi-process robot software},   
year={2012},  
volume={},  
number={},  
pages={316-322},  
doi={10.1109/HUMANOIDS.2012.6651538}}

@INPROCEEDINGS{5694349,
author={Wen, Xiumei and Meng, Fanxing and Gao, Liting and Pang, Hui and Si, Yachao},
booktitle={2010 3rd International Conference on Information Management, Innovation Management and Industrial Engineering}, 
title={Research on Distributed Database System Based on Remote Method Call}, 
year={2010},
volume={1},
number={},
pages={62-65},
doi={10.1109/ICIII.2010.20}}

@ARTICLE{8863328,
  author={Ahmad, Sarfraz and Arshad, Muhammad Junaid},
  journal={IEEE Access}, 
  title={Enhancing Fast TCP’s Performance Using Single TCP Connection for Parallel Traffic Flows to Prevent Head-of-Line Blocking}, 
  year={2019},
  volume={7},
  number={},
  pages={148152-148162},
  doi={10.1109/ACCESS.2019.2946527}}

@inproceedings{2020Memory,
  title={Memory-Centric Communication Mechanism for Real-time Autonomous Navigation Applications},
  author={ Liu, W.  and  Gong, Y.  and  Wu, H.  and  Zhai, J.  and  Jin, J. },
  booktitle={ICPP '20: 49th International Conference on Parallel Processing},
  year={2020},
}
@ARTICLE{9488177,  
author={Wu, Tianze and Wu, Baofu and Wang, Sa and Liu, Liangkai and Liu, Shaoshan and Bao, Yungang and Shi, Weisong},  
journal={IEEE Robotics and Automation Letters},   
title={Oops! It's Too Late. Your Autonomous Driving System Needs a Faster Middleware},   
year={2021},  
volume={6},  
number={4},  
pages={7301-7308},  
doi={10.1109/LRA.2021.3097439}
}

@inproceedings{20205309704138,
	abstract = {With the development of ITS (intelligent transportation systems) and autonomous driving, connections among cars, and the communication between sensors and algorithms are becoming more and more flexible and sophisticated, raising the demand for the compatibility of software platforms. Currently, however, widely applied software platforms like ROS and Apollo only support specific versions of Ubuntu, which limits the communication and transplant among various equipment. Thus, this paper presents a highly compatible software platform named OpenICV (open intelligent connected vehicle), which is deployed and tested on Tsinghua autonomous driving experimental vehicles. OpenICV supports the majority types of mainstream operating systems, such as Linux, Windows, QNX, macOS, RTLinux, and Embedded Linux. The autopilot vehicles equipped with different hardware and operating systems can achieve effective communication via OpenICV. In addition, the autopilot algorithms developed on OpenICV can be easily transplanted among different equipment. A fast and secure communication mechanism is developed on OpenICV.<br/> &copy; 2020 ASCE.},
	address = {Xi'an, China},
	author = {Jiang, Kun and Wang, Yunlong and Kou, Shengjie and Yang, Diange},
	copyright = {Compendex},
	journal = {CICTP 2020: Transportation Evolution Impacting Future Mobility - Selected Papers from the 20th COTA International Conference of Transportation Professionals},
	key = {Middleware},
	keywords = {Embedded systems;Autonomous vehicles;Intelligent vehicle highway systems;Software testing;Intelligent systems;Linux;},
	language = {English},
	note = {Autonomous driving;Communication mechanisms;Compatible software;Different equipment;Effective communication;Experimental vehicle;Intelligent transportation systems;Software platforms;},
	pages = {544 - 555},
	title = {A Lightweight and Multi-OS Compatible Middleware Designed for Autonomous Driving},
	year = {2020}
  }


